1535 2435
74 26 324 130 Miss
276 26 446 130 Mildred
560 26 365 130 Cameron

86 105 372 90 Raleigh

71 132 282 130 N.
165 132 423 130 Karohna

129 190 238 133 To
248 190 318 133 Miss
447 190 437 133 Mildred
725 190 357 133 Cameron

245 300 218 143 of
354 300 436 143 Raleigh.
644 300 218 143 N.C.

644 402 624 178 Philadelphia
1151 402 273 178 Sep
1268 402 234 178 4/59

186 488 370 220 Dear
371 488 370 220 Madame

661 588 164 178 I
727 588 230 178 beg
858 588 296 178 leave
1055 588 197 178 to
1121 588 361 178 introduce

108 711 313 181 myself
327 711 219 181 for
452 711 219 181 the
577 711 250 181 sake
734 711 188 181 of
828 711 188 181 my
922 711 376 181 subject,
1204 711 282 181 which
1360 711 94 181 I

101 825 272 162 know
271 825 272 162 will
441 825 408 162 interest
747 825 272 162 you,
918 825 238 162 and
1054 825 306 162 which
1258 825 170 162 I
1292 825 204 162 hope

93 954 293 123 will
277 954 330 123 elect
497 954 293 123 your
680 954 404 123 warmest
937 954 477 123 sympathies.

199 1034 164 139 I
265 1034 263 139 have
429 1034 263 139 been
593 1034 328 139 lately
823 1034 361 139 touched
1085 1034 197 139 to
1184 1034 230 139 the
1282 1034 230 139 heart

87 1136 253 127 with
246 1136 158 127 a
309 1136 253 127 case
467 1136 190 127 of
562 1136 285 127 heart
752 1136 380 127 breaking
1037 1136 380 127 distress
1290 1136 222 127 which

82 1240 237 123 you
217 1240 270 123 have
386 1240 203 123 it
488 1240 406 123 entirely
792 1240 203 123 in
894 1240 270 123 your
1063 1240 304 123 power
1265 1240 169 123 I
1299 1240 203 123 find

76 1340 228 135 to
190 1340 343 135 cure.
418 1340 266 135 And
571 1340 190 135 I
647 1340 304 135 know
837 1340 228 135 by
951 1340 228 135 my
1065 1340 266 135 own
1180 1340 304 135 mother

70 1431 222 148 my
181 1431 370 148 sister
440 1431 259 148 and
588 1431 222 148 my
699 1431 296 148 wife
885 1431 296 148 that
1070 1431 333 148 there
1255 1431 185 148 can

72 1538 197 153 be
171 1538 197 153 no
269 1538 295 153 surer
466 1538 459 153 confidence
826 1538 328 153 placed
1056 1538 197 153 in
1154 1538 230 153 any
1253 1538 230 153 thing

75 1642 206 121 on
178 1642 309 121 earth
383 1642 274 121 that
555 1642 274 121 that
726 1642 309 121 which
932 1642 172 121 a
1001 1642 240 121 man
1104 1642 377 121 instruct-

73 1742 303 149 ively
275 1742 337 149 places
511 1742 269 149 upon
679 1742 236 149 the
814 1742 370 149 delight
1084 1742 269 149 with
1218 1742 236 149 which

100 1832 338 160 saamen
337 1832 270 160 find
506 1832 270 160 they
675 1832 237 160 can
810 1832 439 160 alleviate
1148 1832 203 160 or
1216 1832 270 160 remove

52 1934 436 126 distress.
388 1934 201 126 In
489 1934 268 126 this
656 1934 268 126 case
824 1934 235 126 the
958 1934 335 126 misery
1193 1934 235 126 has
1294 1934 201 126 been

54 2023 192 141 so
150 2023 448 141 Comtracted
502 2023 224 141 and
630 2023 192 141 is
726 2023 192 141 so
822 2023 256 141 deep
982 2023 256 141 that
1142 2023 192 141 if
1238 2023 160 141 I
1270 2023 160 141 can

1366 2083 130 146 2.

50 2122 265 170 only
215 2122 364 170 present
480 2122 199 170 it
580 2122 364 170 clearly
844 2122 166 170 I
911 2122 265 170 feel
1076 2122 265 170 sure
1208 2122 199 170 that

82 2232 239 171 you
219 2232 273 171 will
389 2232 376 171 conteht
663 2232 239 171 out
800 2232 273 171 your
970 2232 273 171 hand
1141 2232 205 171 to
1244 2232 205 171 it
1312 2232 137 171 to
